

@article{phillips1983exact,
  title={Exact small sample theory in the simultaneous equations model},
  author={Phillips, Peter CB},
  journal={Handbook of econometrics},
  volume={1},
  pages={449--516},
  year={1983},
  publisher={Elsevier}
}



@article{white1980heteroskedasticity,
  title={A heteroskedasticity-consistent covariance matrix estimator and a direct test for heteroskedasticity},
  author={White, Halbert},
  journal={Econometrica: journal of the Econometric Society},
  pages={817--838},
  year={1980},
  publisher={JSTOR}
}





@book{horn2012matrix,
  title={Matrix analysis},
  author={Horn, Roger A and Johnson, Charles R},
  year={1985},
  publisher={Cambridge University Press}
}

@article{lewbel2019identification,
  title={The identification zoo: Meanings of identification in econometrics},
  author={Lewbel, Arthur},
  journal={Journal of Economic Literature},
  volume={57},
  number={4},
  pages={835--903},
  year={2019}
}

@inproceedings{lucas1976econometric,
  title={Econometric policy evaluation: A critique},
  author={Lucas, Robert E},
  booktitle={Carnegie-Rochester conference series on public policy},
  volume={1},
  number={1},
  pages={19--46},
  year={1976}
}

@article{doob1996development,
  title={The development of rigor in mathematical probability (1900--1950)},
  author={Doob, Joseph L},
  journal={The American mathematical monthly},
  volume={103},
  number={7},
  pages={586--595},
  year={1996},
  publisher={Taylor \& Francis}
}

@article{gow2016causal,
  title={Causal inference in accounting research},
  author={Gow, Ian D and Larcker, David F and Reiss, Peter C},
  journal={Journal of Accounting Research},
  volume={54},
  number={2},
  pages={477--523},
  year={2016},
  publisher={Wiley Online Library}
}